@misc{GoogleKG,
  title = {{Google's KG}},
  howpublished = {\url{http://www.google.co.uk/insidesearch/features/search/knowledge.html}}
}


@misc{Freebase,
  title = {Freebase: an open, shared database of the world's knowledge},
  howpublished = {\url{http://www.freebase.com/}},
}

@inproceedings{amie-old,
 author = {Gal\'{a}rraga, Luis Antonio and Teflioudi, Christina and Hose, Katja and Suchanek, Fabian},
 title = {AMIE: Association Rule Mining Under Incomplete Evidence in Ontological Knowledge Bases},
 booktitle = {Proceedings of the 22Nd International Conference on World Wide Web},
 year = {2013},
 location = {Rio de Janeiro, Brazil},
 pages = {413--422},
}

@article{association-rule-mining-overview,
  author    = {Sotiris Kotsiantis and 
        Dimitris Kanellopoulos},
  title     = {Association Rules Mining: A Recent Overview},
  journal   = {GESTS Int. Trans. on CS and Eng.},
  volume    = {32},
  number    = {1},
  pages     = {71--82},
  year      = {2006},
}


@inproceedings{DBLP:conf/ruleml/FurnkranzK15,
  author    = {Johannes F{\"{u}}rnkranz and
               Tom{\'{a}}s Kliegr},
  title     = {A Brief Overview of Rule Learning},
  booktitle = {RuleML},
  pages     = {54--69},
  year      = {2015},
}


@incollection{DBLP:series/isrl/Wojtusiak14,
  author    = {Janusz Wojtusiak},
  title     = {Rule Learning in Healthcare and Health Services Research},
  booktitle = {Machine Learning in Healthcare Informatics},
  pages     = {131--145},
  year      = {2014},
}


@article{DBLP:journals/kais/ImRW10,
  author    = {Seunghyun Im and
               Zbigniew W. Ras and
               Hanna Wasyluk},
  title     = {Action rule discovery from incomplete data},
  journal   = {Knowl. Inf. Syst.},
  volume    = {25},
  number    = {1},
  pages     = {21--33},
  year      = {2010},
}

@inproceedings{DBLP:conf/pkdd/RasW00,
  author    = {Zbigniew W. Ras and
               Alicja Wieczorkowska},
  title     = {Action-Rules: How to Increase Profit of a Company},
  booktitle = {PKDD},
  year      = {2000},
}

@article{DBLP:journals/ki/AuriolMG96,
  author    = {Eric Auriol and
               Michel Manago and
               J{\'{e}}r{\^{o}}me Guiot{-}Dorel},
  title     = {CASSIOP{\'{E}}E: Fehlerdiagnose von {CFM} 56-3 Triebwerken f{\"{u}}r
               Boing 737 Flugzeuge},
  journal   = {{KI}},
  volume    = {10},
  number    = {1},
  pages     = {47--53},
  year      = {1996},
}

@inproceedings{DBLP:conf/kdd/MannilaTV95,
  author    = {Heikki Mannila and
               Hannu Toivonen and
               A. Inkeri Verkamo},
  title     = {Discovering Frequent Episodes in Sequences},
  booktitle = {KDD-95},
  year      = {1995},
}

@article{Agrawal:1993:MAR:170036.170072,
 author = {Agrawal, Rakesh and Imieli\'{n}ski, Tomasz and Swami, Arun},
 title = {Mining Association Rules Between Sets of Items in Large Databases},
 journal = {SIGMOD Rec.},
 volume = {22},
 number = {2},
 year = {1993},
 pages = {207--216},
} 


@incollection{DBLP:books/mit/PF91/Piatetsky91,
  author    = {Gregory Piatetsky{-}Shapiro},
  title     = {Discovery, Analysis, and Presentation of Strong Rules},
  booktitle = {Knowledge Discovery in Databases},
  pages     = {229--248},
  year      = {1991},
}



@article{dbpedia,
  title={DBpedia - A large-scale, multilingual knowledge base extracted from Wikipedia},
  author={Jens Lehmann and Robert Isele and Max Jakob and Anja Jentzsch and Dimitris Kontokostas and Pablo N. Mendes and Sebastian Hellmann and Mohamed Morsey and Patrick van Kleef and S{\"o}ren Auer and Christian Bizer},
  journal={Semantic Web},
  year={2015},
  volume={6},
  pages={167-195}
}

@article{DBLP:journals/corr/abs-1301-3485,
  author    = {Xavier Glorot and
               Antoine Bordes and
               Jason Weston and
               Yoshua Bengio},
  title     = {A Semantic Matching Energy Function for Learning with Multi-relational
               Data},
  journal   = {CoRR},
  volume    = {abs/1301.3485},
  year      = {2013},
}

@inproceedings{Jenatton:2012:LFM:2999325.2999488,
 author = {Jenatton, Rodolphe and Roux, Nicolas Le and Bordes, Antoine and Obozinski, Guillaume},
 title = {A Latent Factor Model for Highly Multi-relational Data},
 booktitle = {Proceedings of the 25th International Conference on Neural Information Processing Systems - Volume 2},
 year = {2012},
 pages = {3167--3175},
} 


@inproceedings{Chen:2016:OP:2882903.2882954,
 author = {Chen, Yang and Goldberg, Sean and Wang, Daisy Zhe and Johri, Soumitra Siddharth},
 title = {Ontological Pathfinding},
 booktitle = {SIGMOD},
 year = {2016},
} 

@inproceedings{conf/icml/NickelTK11,
  author = {Nickel, Maximilian and Tresp, Volker and Kriegel, Hans-Peter},
  booktitle = {ICML},
  title = {A Three-Way Model for Collective Learning on Multi-Relational Data.},
  year = 2011
}
@incollection{NIPS2013_5028,
title = {Reasoning With Neural Tensor Networks for Knowledge Base Completion},
author = {Socher, Richard and Chen, Danqi and Manning, Christopher D and Ng, Andrew},
booktitle = {Advances in Neural Information Processing Systems 26},
pages = {926--934},
year = {2013},
}
@inproceedings{Bordes:2011:LSE:2900423.2900470,
 author = {Bordes, Antoine and Weston, Jason and Collobert, Ronan and Bengio, Yoshua},
 title = {Learning Structured Embeddings of Knowledge Bases},
 booktitle = {Proceedings of the Twenty-Fifth AAAI Conference on Artificial Intelligence},
 year = {2011},
 pages = {301--306},
} 


@inproceedings{DBLP:conf/coling/JiangLGSCLS16,
  author    = {Tingsong Jiang and
              Tianyu Liu and
              Tao Ge and
              Lei Sha and
              Baobao Chang and
              Sujian Li and
              Zhifang Sui},
  title     = {Towards Time-Aware Knowledge Graph Completion},
  booktitle = {{COLING} 2016, 26th International Conference on Computational Linguistics,
              Proceedings of the Conference: Technical Papers, December 11-16, 2016,
              Osaka, Japan},
  pages     = {1715--1724},
  year      = {2016},
}

@article{DBLP:journals/corr/NguyenSQJ16a,
  author    = {Dat Quoc Nguyen and
               Kairit Sirts and
               Lizhen Qu and
               Mark Johnson},
  title     = {STransE: a novel embedding model of entities and relationships in
               knowledge bases},
  journal   = {CoRR},
  volume    = {abs/1606.08140},
  year      = {2016}
}

@inproceedings{DBLP:conf/aaai/NickelRP16,
  author    = {Maximilian Nickel and
               Lorenzo Rosasco and
               Tomaso A. Poggio},
  title     = {Holographic Embeddings of Knowledge Graphs},
  booktitle = {AAAI},
  year      = {2016},
}

@article{DBLP:journals/corr/TrouillonWRGB16,
  author    = {Th{\'{e}}o Trouillon and
               Johannes Welbl and
               Sebastian Riedel and
               {\'{E}}ric Gaussier and
               Guillaume Bouchard},
  title     = {Complex Embeddings for Simple Link Prediction},
  journal   = {CoRR},
  volume    = {abs/1606.06357},
  year      = {2016}
}
@inproceedings{Wang:2014:KGE:2893873.2894046,
 author = {Wang, Zhen and Zhang, Jianwen and Feng, Jianlin and Chen, Zheng},
 title = {Knowledge Graph Embedding by Translating on Hyperplanes},
 booktitle = {Proceedings of the Twenty-Eighth AAAI Conference on Artificial Intelligence},
 year = {2014},
 pages = {1112--1119},
} 

@inproceedings{Lin:2015:LER:2886521.2886624,
 author = {Lin, Yankai and Liu, Zhiyuan and Sun, Maosong and Liu, Yang and Zhu, Xuan},
 title = {Learning Entity and Relation Embeddings for Knowledge Graph Completion},
 booktitle = {Proceedings of the Twenty-Ninth AAAI Conference on Artificial Intelligence},
 series = {AAAI'15},
 year = {2015},
 pages = {2181--2187},
} 


@Article{Muggleton1995,
author="Muggleton, Stephen",
title="Inverse entailment and progol",
journal="New Generation Computing",
year="1995",
volume="13",
number="3",
pages="245--286",
}


@article{Nickel0TG16,
  author    = {Maximilian Nickel and
               Kevin Murphy and
               Volker Tresp and
               Evgeniy Gabrilovich},
  title     = {A Review of Relational Machine Learning for Knowledge Graphs},
  journal   = {Proceedings of the {IEEE}},
  volume    = {104},
  number    = {1},
  pages     = {11--33},
  year      = {2016}
}

@inproceedings{Minervini:2016:LSL:2851613.2851841,
 author = {Minervini, Pasquale and d'Amato, Claudia and Fanizzi, Nicola and Esposito, Floriana},
 title = {Leveraging the Schema in Latent Factor Models for Knowledge Graph Completion},
 booktitle = {Proceedings of the 31st Annual ACM Symposium on Applied Computing},
 series = {SAC '16},
 year = {2016},
 pages = {327--332},
} 


@Article{Chen2016,
author="Chen, Yang
and Wang, Daisy Zhe
and Goldberg, Sean",
title="ScaLeKB: scalable learning and inference over large knowledge bases",
journal="The VLDB Journal",
year="2016",
month="Dec",
volume="25",
number="6",
pages="893--918",
}


@inproceedings{Wang2015KnowledgeBC,
  title={Knowledge Base Completion Using Embeddings and Rules},
  author={Quan Wang and Bin Wang and Li Guo},
  booktitle={IJCAI},
  year={2015}
}

@inproceedings{DBLP:conf/emnlp/GuoWWWG16,
  author    = {Shu Guo and
               Quan Wang and
               Lihong Wang and
               Bin Wang and
               Li Guo},
  title     = {Jointly Embedding Knowledge Graphs and Logical Rules},
  booktitle = {EMNLP},
  year      = {2016},
}

@Inbook{Azevedo2007,
author="Azevedo, Paulo J.
and Jorge, Al{\'i}pio M.",
editor="Kok, Joost N.
and Koronacki, Jacek
and Mantaras, Raomon Lopez de
and Matwin, Stan
and Mladeni{\v{c}}, Dunja
and Skowron, Andrzej",
title="Comparing Rule Measures for Predictive Association Rules ",
bookTitle="Machine Learning: ECML 2007: 18th European Conference on Machine Learning, Warsaw, Poland, September 17-21, 2007. Proceedings",
year="2007",
pages="510--517"
}


@article{amie,
  author    = {Luis Galarraga and
               Christina Teflioudi and
               Katja Hose and
               Fabian M. Suchanek},
  title     = {Fast rule mining in ontological knowledge bases with {AMIE+}},
  journal   = {{VLDB} J.},
  volume    = {24},
  number    = {6},
  pages     = {707--730},
  year      = {2015}
}


@inproceedings{Socher:NIPS2013,
  author    = {Richard Socher and
               Danqi Chen and
               Christopher D. Manning and
               Andrew Y. Ng},
  title     = {{Reasoning With Neural Tensor Networks for Knowledge Base Completion}},
  booktitle = {NIPS},
  pages     = {926--934},
  year      = {2013}
}

@inproceedings{Bordes:NIPS2013,
  author    = {Antoine Bordes and
               Nicolas Usunier and
               Alberto Garc{\'{\i}}a{-}Dur{\'{a}}n and
               Jason Weston and
               Oksana Yakhnenko},
  title     = {{Translating Embeddings for Modeling Multi-relational Data}},
  booktitle = {Proceedings of NIPS},
  pages     = {2787--2795},
  year      = {2013}
}

@article{Cohen2015,
  author    = {William Yang Wang and
               Kathryn Mazaitis and
               Ni Lao and
               William W. Cohen},
  title     = {Efficient inference and learning in a large knowledge base - Reasoning
               with extracted information using a locally groundable first-order
               probabilistic logic},
  journal   = {Machine Learning},
  volume    = {100},
  number    = {1},
  pages     = {101--126},
  year      = {2015}
}



@inproceedings{tylenda2014spotting,
  title={Spotting facts in the wild},
  author={Tylenda, Tomasz and Wang, Yafang and Weikum, Gerhard},
  booktitle={Workshop on Automatic Creation and Curation of Knowledge Bases},
  year={2014}
}

@inproceedings{patty,
 author = {Nakashole, Ndapandula and Weikum, Gerhard and Suchanek, Fabian},
 title = {{PATTY: A Taxonomy of Relational Patterns with Semantic Types}},
 booktitle = {Proceedings EMNLP},
 year = {2012},
 pages = {1135--1145}
} 

@inproceedings{tylenda2014spotting2,
  title={Spotting Knowledge Base Facts in Web Texts},
  author={Tylenda, Tomasz and Kondreddi, Sarath Kumar and Weikum, Gerhard},
  booktitle={Proceedings of the 4th Workshop on Automated Knowledge Base Construction},
  pages={1--6},
  year={2014}
}

@inproceedings{Nakashole14,
  author    = {Ndapandula Nakashole and
               Tom M. Mitchell},
  title     = {{Language-Aware Truth Assessment of Fact Candidates}},
  booktitle = {Proceedings of ACL},
  pages     = {1009--1019},
  year      = {2014}
}

@inproceedings{clausie,
 author = {Del Corro, Luciano and Gemulla, Rainer},
 title = {{ClausIE: Clause-based Open Information Extraction}},
 booktitle = {Proceedings of WWW},
 year = {2013},
 pages = {355--366},
} 

@inproceedings{mausam,
 author = {Mausam and Schmitz, Michael and Bart, Robert and Soderland, Stephen and Etzioni, Oren},
 title = {{Open Language Learning for Information Extraction}},
 booktitle = {Proceedings of EMNLP},
 year = {2012},
 pages = {523--534}
} 

@article{openie,
  title={Leveraging linguistic structure for open domain information extraction},
  author={Angeli, Gabor and Premkumar, Melvin Johnson and Manning, Christopher D},
  journal={Linguistics},
  number={1/24},
  year={2015}
}

@inproceedings{NELL-aaai15,
 Title = {{Never-Ending Learning}}, 
Author = {T. Mitchell and W. Cohen and E. Hruschka and P. Talukdar and J. Betteridge and A. Carlson and B. Dalvi and M. Gardner and B. Kisiel and J. Krishnamurthy and N. Lao and K. Mazaitis and T. Mohamed and N. Nakashole and E. Platanios and A. Ritter and M. Samadi and B. Settles and R. Wang and D. Wijaya and A. Gupta and X. Chen and A. Saparov and M. Greaves and J. Welling}, 
Booktitle = {AAAI}, 
Year = {2015}}


@inproceedings{tensor,
  author    = {Richard Socher and
               Danqi Chen and
               Christopher D. Manning and
               Andrew Y. Ng},
  title     = {{Reasoning With Neural Tensor Networks for Knowledge Base Completion}},
  booktitle = {Proceedings of NIPS},
  pages     = {926--934},
  year      = {2013}
}

@Article{Kim2008,
author="Kim, Jin-Dong
and Ohta, Tomoko
and Tsujii, Jun'ichi",
title="Corpus annotation for mining biomedical events from literature",
journal="BMC Bioinformatics",
year="2008",
volume="9",
number="1",
pages="1--25",
}

@inproceedings{Konstantinova,
  author    = {Natalia Konstantinova and
               Sheila C. M. de Sousa and
               Noa P. Cruz D{\'{\i}}az and
               Manuel J. Ma{\~{n}}a L{\'{o}}pez and
               Maite Taboada and
               Ruslan Mitkov},
  title     = {A review corpus annotated for negation, speculation and their scope},
  booktitle = {Proceedings of the Eighth International Conference on Language Resources
               and Evaluation, {LREC} 2012, Istanbul, Turkey, May 23-25, 2012},
  pages     = {3190--3195},
  year      = {2012}
}

@inproceedings{iswc2016,
  title={Exception-enriched Rule Learning from Knowledge Graphs },
  author={Gad-Elrab, Mohamed H. and Stepanova, Daria and Urbani, Jacopo and Weikum, Gerhard},
  booktitle={Proceeding of ISWC},
pages={234--251},
  year={2016}
}


@inproceedings{dbp,
  author    = {S{\"{o}}ren Auer and
               Christian Bizer and
               Georgi Kobilarov and
               Jens Lehmann and
               Richard Cyganiak and
               Zachary G. Ives},
  title     = {{DB}pedia: {A} Nucleus for a Web of Open Data},
  booktitle = {Proceedings of ISWC},
  pages     = {722--735},
  year      = {2007}
}

@inproceedings{yago,
 author = {Suchanek, Fabian M. and Kasneci, Gjergji and Weikum, Gerhard},
 title = {{Yago: A Core of Semantic Knowledge}},
 booktitle = {Proceedings of WWW},
 year = {2007},
 pages = {697--706}
}

@inproceedings{gad2016,
  title={Exception-enriched rule learning from knowledge graphs},
  author={Gad-Elrab, Mohamed H and Stepanova, Daria and Urbani, Jacopo and Weikum, Gerhard},
  booktitle={Proceedings of ISWC},
  pages={234--251},
  year={2016}
}


@article{defacto,
 author = {Gerber, Daniel and Esteves, Diego and Lehmann, Jens and B\"{u}hmann, Lorenz and Usbeck, Ricardo and Ngonga Ngomo, Axel-Cyrille and Speck, Ren{\'e}},
 title = {DeFacto-Temporal and Multilingual Deep Fact Validation},
 journal = {Web Semant.},
 volume = {35},
 number = {P2},
 year = {2015},
 pages = {85--101},
} 

@article{trantowards,
  title={Towards Nonmonotonic Relational Learning from Knowledge Graphs},
  author={Tran, Hai Dang and Stepanova, Daria and Gad-elrab, Mohamed H. and Lisi, Francesca A and Weikum, Gerhard},
  year={2016},
  journal = {26th ILP}    
}

@book{elastic,
 author = {Gormley, Clinton and Tong, Zachary},
 title = {Elasticsearch: The Definitive Guide},
 year = {2015},
 edition = {1st},
 publisher = {O'Reilly Media, Inc.}
} 


@inproceedings{Jacopo_AAAI,
  author    = {Jacopo Urbani and
               Ceriel J. H. Jacobs and
               Markus Kr{\"{o}}tzsch},
  title     = {Column-Oriented Datalog Materialization for Large Knowledge Graphs},
  booktitle = {Proceedings of the Thirtieth {AAAI} Conference on Artificial Intelligence,
               February 12-17, 2016, Phoenix, Arizona, {USA.}},
  pages     = {258--264},
  year      = {2016}
}


@inproceedings{Popat:2016,
 author = {Popat, Kashyap and 
, Subhabrata and Str\"{o}tgen, Jannik and Weikum, Gerhard},
 title = {{Credibility Assessment of Textual Claims on the Web}},
 booktitle = {Proceedings of CIKM},
 year = {2016},
 pages = {2173--2178}
} 

@book{found_db,
 editor = {Abiteboul, Serge and Hull, Richard and Vianu, Victor},
 title = {Foundations of Databases: The Logical Level},
 year = {1995},
 edition = {1st},
} 

@article{DBLP:journals/biomedsem/PetrovaMTKDBS15,
  author    = {Alina Petrova and
               Yue Ma and
               George Tsatsaronis and
               Maria Kissa and
               Felix Distel and
               Franz Baader and
               Michael Schroeder},
  title     = {Formalizing biomedical concepts from textual definitions},
  journal   = {J. Biomedical Semantics},
  volume    = {6},
  pages     = {22},
  year      = {2015}
}

@inproceedings{DBLP:conf/ruleml/HassanpourOD11,
  author    = {Saeed Hassanpour and
               Martin J. O'Connor and
               Amar K. Das},
  title     = {A Framework for the Automatic Extraction of Rules from Online Text},
  booktitle = {Rule-Based Reasoning, Programming, and Applications - 5th International
               Symposium},
  pages     = {266--280},
  year      = {2011}
}


@article{sld1971,
title = {Linear resolution with selection function},
journal = {Artificial Intelligence},
volume = {2},
number = {3},
pages = {227 - 260},
year = {1971},
author = {Robert Kowalski and Donald Kuehner}

}


@inproceedings{Vieille86,
  author    = {Laurent Vieille},
  title     = {Recursive Axioms in Deductive Databases: The Query/Subquery Approach},
  booktitle = {Expert Database Conf.},
  pages     = {253--267},
  year      = {1986}
}

@book{Abiteboul:1995,
 title = {Foundations of Databases: The Logical Level},
 year = {1995},
 edition = {1st},
 publisher = {Addison-Wesley Longman Publishing Co., Inc.},
} 



@article{wikidata,
  author    = {Denny Vrandecic and
               Markus Kr{\"{o}}tzsch},
  title     = {Wikidata: a free collaborative knowledgebase},
  journal   = {{CACM}},
  volume    = {57},
  number    = {10},
  pages     = {78--85},
  year      = {2014}
}

@inproceedings{kgvault,
  author    = {Xin Dong and
               Evgeniy Gabrilovich and
               Geremy Heitz and
               Wilko Horn and
               Ni Lao and
               Kevin Murphy and
               Thomas Strohmann and
               Shaohua Sun and
               Wei Zhang},
  title     = {Knowledge vault: a web-scale approach to probabilistic knowledge fusion},
  booktitle = {The 20th {ACM} {SIGKDD} International Conference on Knowledge Discovery
               and Data Mining, {KDD} '14, New York, NY, {USA} - August 24 - 27,
               2014},
  pages     = {601--610},
  year      = {2014}
}




@article{DBLP:journals/tkde/CeriGT89,
  author    = {Stefano Ceri and
               Georg Gottlob and
               Letizia Tanca},
  title     = {What you Always Wanted to Know About Datalog (And Never Dared to Ask)},
  journal   = {{IEEE} Trans. Knowl. Data Eng.},
  volume    = {1},
  number    = {1},
  pages     = {146--166},
  year      = {1989}
  }
  
  
@inproceedings{Tay:2017:RST:3018661.3018695,
 author = {Tay, Yi and Luu, Anh Tuan and Hui, Siu Cheung and Brauer, Falk},
 title = {{Random Semantic Tensor Ensemble for Scalable Knowledge Graph Link Prediction}},
 booktitle = {Proceedings of WSDM},
 year = {2017},
 pages = {751--760},
} 


@inproceedings{DBLP:conf/rweb/EiterKRSW17,
  author    = {Thomas Eiter and
               Tobias Kaminski and
               Christoph Redl and
               Peter Sch{\"{u}}ller and
               Antonius Weinzierl},
  title     = {Answer Set Programming with External Source Access},
  booktitle = {Reasoning Web. Semantic Interoperability on the Web},
  pages     = {204--275},
  year      = {2017}
}

@inproceedings{Yahya:2016,
 author = {Yahya, Mohamed and Barbosa, Denilson and Berberich, Klaus and Wang, Qiuyue and Weikum, Gerhard},
 title = {Relationship Queries on Extended Knowledge Graphs},
 booktitle = {Proceedings of WSDM},
 year = {2016},
 pages = {605--614},
} 


@inproceedings{DBLP:conf/www/Kumar0L16,
  author    = {Srijan Kumar and
               Robert West and
               Jure Leskovec},
  title     = {{Disinformation on the Web: Impact, Characteristics, and Detection
               of Wikipedia Hoaxes}},
  booktitle = {Proceedings of WWW},
  pages     = {591--602},
  year      = {2016}
}



@inproceedings{DBLP:conf/sigmod/GoasdoueKKLMZ13,
  author    = {Fran{\c{c}}ois Goasdou{\'{e}} and
               Konstantinos Karanasos and
               Yannis Katsis and
               Julien Leblay and
               Ioana Manolescu and
               Stamatis Zampetakis},
  title     = {Fact checking and analyzing the web},
  booktitle = {Proceedings of SIGMOD},
  pages     = {997--1000},
  year      = {2013}
}


@inproceedings{Mukherjee:KDD2014,
  author    = {Subhabrata Mukherjee and
               Gerhard Weikum and
               Cristian Danescu{-}Niculescu{-}Mizil},
  title     = {People on drugs: credibility of user statements in health communities},
  booktitle = {Proceedings of KDD},
  pages     = {65--74},
  year      = {2014}
}



@article{DBLP:journals/sigkdd/LiGMLSZFH15,
  author    = {Yaliang Li and
               Jing Gao and
               Chuishi Meng and
               Qi Li and
               Lu Su and
               Bo Zhao and
               Wei Fan and
               Jiawei Han},
  title     = {A Survey on Truth Discovery},
  journal   = {{SIGKDD} Explorations},
  volume    = {17},
  number    = {2},
  pages     = {1--16},
  year      = {2015}
}

@inproceedings{vlog,
  title = {{Column-Oriented Datalog Materialization for Large Knowledge Graphs}},
  booktitle = {Proceedings of {AAAI}},
  author = {Urbani, Jacopo and Jacobs, Ceriel and Kr{\"{o}}tzsch, Markus},
  pages     = {258--264},
  year = {2016}
}

@inproceedings{rdfox,
  author    = {Yavor Nenov and
               Robert Piro and
               Boris Motik and
               Ian Horrocks and
               Zhe Wu and
               Jay Banerjee},
  title     = {RDFox: {A} Highly-Scalable {RDF} Store},
  booktitle = {Proceedings of ISWC},
  pages     = {3--20},
  year      = {2015}
}




@book{foundations,
  author    = {Serge Abiteboul and
               Richard Hull and
               Victor Vianu},
  title     = {Foundations of Databases},
  publisher = {Addison-Wesley},
  year      = {1995}
}

@inproceedings{Tay:WSDM2017,
 author = {Tay, Yi and Luu, Anh Tuan and Hui, Siu Cheung and Brauer, Falk},
 title = {Random Semantic Tensor Ensemble for Scalable Knowledge Graph Link Prediction},
 booktitle = {Proceedings of WSDM},
 year = {2017},
 pages = {751--760},
 numpages = {10}
} 


@ARTICLE{truthF2008, 
author={X. Yin and J. Han and P. S. Yu}, 
journal={IEEE Transactions on Knowledge and Data Engineering}, 
title={Truth Discovery with Multiple Conflicting Information Providers on the Web}, 
year={2008}, 
volume={20}, 
number={6}, 
pages={796-808}
}


@inproceedings{modeling2015,
  title={Modeling truth existence in truth discovery},
  author={Zhi, Shi and Zhao, Bo and Tong, Wenzhu and Gao, Jing and Yu, Dian and Ji, Heng and Han, Jiawei},
  booktitle={Proceedings of KDD},
  pages={1543--1552},
  year={2015}
}

@inproceedings{Hoffart:2011,
 author = {Hoffart, Johannes and Yosef, Mohamed Amir and Bordino, Ilaria and F\"{u}rstenau, Hagen and Pinkal, Manfred and Spaniol, Marc and Taneva, Bilyana and Thater, Stefan and Weikum, Gerhard},
 title = {Robust Disambiguation of Named Entities in Text},
 booktitle = {Proceedings of EMNLP},
 year = {2011},
 pages = {782--792},
 numpages = {11}
}

@inproceedings{Pappu:2017,
 author = {Pappu, Aasish and Blanco, Roi and Mehdad, Yashar and Stent, Amanda and Thadani, Kapil},
 title = {{Lightweight Multilingual Entity Extraction and Linking}},
 booktitle = {Proceedings of WSDM},
 year = {2017},
 pages = {365--374},
 numpages = {10}
}

@inproceedings{Finkel:2005,
 author = {Finkel, Jenny Rose and Grenager, Trond and Manning, Christopher},
 title = {{Incorporating Non-local Information into Information Extraction Systems by Gibbs Sampling}},
 booktitle = {Proceedings of ACL},
 year = {2005},
 pages = {363--370},
 numpages = {8}
} 

@inproceedings{Hoffart:2014,
 author = {Hoffart, Johannes and Milchevski, Dragan and Weikum, Gerhard},
 title = {STICS: Searching with Strings, Things, and Cats},
 booktitle = {Proceedings of SIGIR},
 year = {2014},
 pages = {1247--1248},
 numpages = {2}
} 

@article{DBLP:journals/kbs/ShiW16,
  author    = {Baoxu Shi and
               Tim Weninger},
  title     = {Discriminative predicate path mining for fact checking in knowledge
               graphs},
  journal   = {Knowl.-Based Syst.},
  volume    = {104},
  pages     = {123--133},
  year      = {2016}
}

@inproceedings{DBLP:conf/esws/AggarwalBM16,
  author    = {Nitish Aggarwal and
               Sumit Bhatia and
               Vinith Misra},
  title     = {Connecting the Dots: Explaining Relationships Between Unconnected
               Entities in a Knowledge Graph},
  booktitle = {The Semantic Web - {ESWC} 2016 Satellite Events, Heraklion, Crete,
               Greece, May 29 - June 2, 2016, Revised Selected Papers},
  pages     = {35--39},
  year      = {2016}
}

@article{DBLP:journals/corr/CiampagliaSRBMF15,
  author    = {Giovanni Luca Ciampaglia and
               Prashant Shiralkar and
               Luis Mateus Rocha and
               Johan Bollen and
               Filippo Menczer and
               Alessandro Flammini},
  title     = {Computational fact checking from knowledge networks},
  journal   = {CoRR},
  volume    = {abs/1501.03471},
  year      = {2015}
}

@article{DBLP:journals/pvldb/FiondaP17,
  author    = {Valeria Fionda and
               Giuseppe Pirr{\`{o}}},
  title     = {Explaining and Querying Knowledge Graphs by Relatedness},
  journal   = {{PVLDB}},
  volume    = {10},
  number    = {12},
  pages     = {1913--1916},
  year      = {2017}
}

@inproceedings{DBLP:conf/www/ArenasDK16,
  author    = {Marcelo Arenas and
               Gonzalo I. Diaz and
               Egor V. Kostylev},
  title     = {Reverse Engineering {SPARQL} Queries},
  booktitle = {Proceedings of the 25th International Conference on World Wide Web,
               {WWW} 2016, Montreal, Canada, April 11 - 15, 2016},
  pages     = {239--249},
  year      = {2016}
}


@inproceedings{DBLP:conf/icdm/ShiralkarFMC17,
  author    = {Prashant Shiralkar and
               Alessandro Flammini and
               Filippo Menczer and
               Giovanni Luca Ciampaglia},
  title     = {Finding Streams in Knowledge Graphs to Support Fact Checking},
  booktitle = {2017 {IEEE} International Conference on Data Mining, {ICDM} 2017,
               New Orleans, LA, USA, November 18-21, 2017},
  pages     = {859--864},
  year      = {2017}
}


@inproceedings{chen2016ontological,
  title={Ontological Pathfinding: Mining First-Order Knowledge from Large Knowledge Bases},
  author={Chen, Yang and Goldberg, Sean and Wang, Daisy Zhe and Johri, Soumitra Siddharth},
  booktitle={SIGMOD},
  year={2016},
}


@article{DBLP:journals/corr/abs-1711-05851,
  author    = {Rajarshi Das and
               Shehzaad Dhuliawala and
               Manzil Zaheer and
               Luke Vilnis and
               Ishan Durugkar and
               Akshay Krishnamurthy and
               Alexander J. Smola and
               Andrew McCallum},
  title     = {Go for a Walk and Arrive at the Answer: Reasoning Over Paths in Knowledge
               Bases using Reinforcement Learning},
  journal   = {CoRR},
  volume    = {abs/1711.05851},
  year      = {2017}
}

@inproceedings{DBLP:conf/acl/DasZRM17,
  author    = {Rajarshi Das and
               Manzil Zaheer and
               Siva Reddy and
               Andrew McCallum},
  title     = {Question Answering on Knowledge Bases and Text using Universal Schema
               and Memory Networks},
  booktitle = {Proceedings of the 55th Annual Meeting of the Association for Computational
               Linguistics, {ACL} 2017, Vancouver, Canada, July 30 - August 4, Volume
               2: Short Papers},
  pages     = {358--365},
  year      = {2017}
}


@inproceedings{DBLP:conf/aaai/Leblay17,
  author    = {Julien Leblay},
  title     = {A Declarative Approach to Data-Driven Fact Checking},
  booktitle = {{AAAI}},
  pages     = {147--153},
  publisher = {{AAAI} Press},
  year      = {2017}
}

@article{DBLP:journals/semweb/Paulheim17,
  author    = {Heiko Paulheim},
  title     = {Knowledge graph refinement: {A} survey of approaches and evaluation
               methods},
  journal   = {Semantic Web},
  volume    = {8},
  number    = {3},
  pages     = {489--508},
  year      = {2017}
}


@inproceedings{DBLP:conf/ijcai/WangL16,
  author    = {Zhigang Wang and
               Juan{-}Zi Li},
  title     = {Text-Enhanced Representation Learning for Knowledge Graph},
  booktitle = {{IJCAI}},
  year      = {2016},
}

@inproceedings{DBLP:conf/aaai/0005HMZ17,
  author    = {Han Xiao and
               Minlie Huang and
               Lian Meng and
               Xiaoyan Zhu},
  title     = {{SSP:} Semantic Space Projection for Knowledge Graph Embedding with
               Text Descriptions},
  booktitle = {{AAAI}},
  year      = {2017},
}

@article{DBLP:journals/tkde/WangMWG17,
  author    = {Quan Wang and
               Zhendong Mao and
               Bin Wang and
               Li Guo},
  title     = {Knowledge Graph Embedding: {A} Survey of Approaches and Applications},
  journal   = {{IEEE} Trans. Knowl. Data Eng.},
  volume    = {29},
  number    = {12},
  pages     = {2724--2743},
  year      = {2017},
}

@article{DBLP:journals/corr/abs-1711-11231,
  author    = {Shu Guo and
               Quan Wang and
               Lihong Wang and
               Bin Wang and
               Li Guo},
  title     = {Knowledge Graph Embedding with Iterative Guidance from Soft Rules},
  journal   = {CoRR},
  volume    = {abs/1711.11231},
  year      = {2017},
}

@inproceedings{DBLP:conf/sigir/RastogiPD17,
  author    = {Pushpendre Rastogi and
               Adam Poliak and
               Benjamin Van Durme},
  title     = {Training Relation Embeddings under Logical Constraints},
  booktitle = {KG4IR},
  year      = {2017},
}

@inproceedings{DBLP:conf/semweb/KrompassBT15,
  author    = {Denis Krompa{\ss} and
               Stephan Baier and
               Volker Tresp},
  title     = {Type-Constrained Representation Learning in Knowledge Graphs},
  booktitle = {The Semantic Web - {ISWC} 2015 - 14th International Semantic Web Conference,
               Bethlehem, PA, USA, October 11-15, 2015, Proceedings, Part {I}},
  pages     = {640--655},
  year      = {2015},
}
@inproceedings{DBLP:conf/www/LiJWLC16,
  author    = {Manling Li and
               Yantao Jia and
               Yuanzhuo Wang and
               Jingyuan Li and
               Xueqi Cheng},
  title     = {Hierarchy-Based Link Prediction in Knowledge Graphs},
  booktitle = {Proceedings of the 25th International Conference on World Wide Web,
               {WWW} 2016, Montreal, Canada, April 11-15, 2016, Companion Volume},
  pages     = {77--78},
  year      = {2016},
}

@book{DBLP:books/sp/Lloyd87,
  author    = {John W. Lloyd},
  title     = {Foundations of Logic Programming, 2nd Edition},
  publisher = {Springer},
  year      = {1987},
}

@article{DBLP:journals/corr/0005HZ16,
  author    = {Han Xiao and
               Minlie Huang and
               Xiaoyan Zhu},
  title     = {{SSP:} Semantic Space Projection for Knowledge Graph Embedding with
               Text Descriptions},
  journal   = {CoRR},
  volume    = {abs/1604.04835},
  year      = {2016},
}

@article{kazemi2017comparing,
  title={Comparing aggregators for relational probabilistic models},
  author={Kazemi, Seyed Mehran and Fatemi, Bahare and Kim, Alexandra and Peng, Zilun and Tora, Moumita Roy and Zeng, Xing and Dirks, Matthew and Poole, David},
  journal={arXiv preprint arXiv:1707.07785},
  year={2017}
}

@article{rdf,
author = {Ora Lassila and Ralph R. Swick},
title = {Resource Description Framework ({RDF}) Model and Syntax Specification},
booktitle = {W3C Recommendation},
year = {1999}
}

@inproceedings{GL1988,
  author    = {Michael Gelfond and
               Vladimir Lifschitz},
  title     = {The Stable Model Semantics for Logic Programming},
  booktitle = {{ICLP/SLP}},
  pages     = {1070--1080},
  publisher = {{MIT} Press},
  year      = {1988}
}

@inproceedings{DBLP:conf/semweb/DarariNPR13,
  author    = {Fariz Darari and
               Werner Nutt and
               Giuseppe Pirr{\`{o}} and
               Simon Razniewski},
  title     = {Completeness Statements about {RDF} Data Sources and Their Use for
               Query Answering},
  booktitle = {ISWC},
  year      = {2013}
}

@article{DBLP:journals/ml/RaedtB92,
  author    = {Luc De Raedt and
               Maurice Bruynooghe},
  title     = {Interactive Concept-Learning and Constructive Induction by Analogy},
  journal   = {Machine Learning},
  volume    = {8},
  pages     = {107--150},
  year      = {1992}
}

@inproceedings{DBLP:conf/emnlp/DemeesterRR16,
  author    = {Thomas Demeester and
               Tim Rockt{\"{a}}schel and
               Sebastian Riedel},
  title     = {Lifted Rule Injection for Relation Embeddings},
  booktitle = {{EMNLP}},
  pages     = {1389--1399},
  publisher = {The Association for Computational Linguistics},
  year      = {2016}
}

@article{DBLP:journals/corr/YangYHGD14a,
  author    = {Bishan Yang and
               Wen{-}tau Yih and
               Xiaodong He and
               Jianfeng Gao and
               Li Deng},
  title     = {Embedding Entities and Relations for Learning and Inference in Knowledge
               Bases},
  journal   = {CoRR},
  volume    = {abs/1412.6575},
  year      = {2014}
}

@inproceedings{DBLP:conf/nips/YangYC17,
  author    = {Fan Yang and
               Zhilin Yang and
               William W. Cohen},
  title     = {Differentiable Learning of Logical Rules for Knowledge Base Reasoning},
  booktitle = {{NIPS}},
  pages     = {2316--2325},
  year      = {2017}
}

@article{DBLP:journals/corr/Cohen16b,
  author    = {William W. Cohen},
  title     = {TensorLog: {A} Differentiable Deductive Database},
  journal   = {CoRR},
  volume    = {abs/1605.06523},
  year      = {2016}
}

@inproceedings{DBLP:conf/esf/GoethalsB02,
  author    = {Bart Goethals and
               Jan Van den Bussche},
  title     = {Relational Association Rules: Getting WARMeR},
  booktitle = {PDD},
  year      = {2002}
}

@inproceedings{probfoil,
  author    = {Luc De Raedt and
               Ingo Thon},
  title     = {Probabilistic Rule Learning},
  booktitle = {{ILP}},
  year      = {2010}
}

@inproceedings{DBLP:conf/ijcai/RaedtDTBV15,
  author    = {Luc De Raedt and
               Anton Dries and
               Ingo Thon and
               Guy Van den Broeck and
               Mathias Verbeke},
  title     = {Inducing Probabilistic Relational Rules from Probabilistic Examples},
  booktitle = {{IJCAI}},
  pages     = {1835--1843},
  publisher = {{AAAI} Press},
  year      = {2015}
}

@inproceedings{DBLP:conf/clima/CorapiSIR11,
  author    = {Domenico Corapi and
               Daniel Sykes and
               Katsumi Inoue and
               Alessandra Russo},
  title     = {Probabilistic Rule LeaDBLP:conf/nips/YangYC17rning in Nonmonotonic Domains},
  booktitle = {{CLIMA}},
  year      = {2011}
}

@inproceedings{DBLP:conf/semweb/KrompassNT14,
  author    = {Denis Krompa{\ss} and
               Maximilian Nickel and
               Volker Tresp},
  title     = {Querying Factorized Probabilistic Triple Databases},
  booktitle = {ISWC},
  year      = {2014}
}

@inproceedings{DBLP:conf/eurogp/MinhdNT18,
  author    = {Tran Duc Minh and
               Claudia d'Amato and
               Binh Thanh Nguyen and
               Andrea G. B. Tettamanzi},
  title     = {Comparing Rule Evaluation Metrics for the Evolutionary Discovery of
               Multi-relational Association Rules in the Semantic Web},
  booktitle = {EuroGP},
  year      = {2018}
}

@inproceedings{carl,
  author    = {Thomas Pellissier Tanon and
               Daria Stepanova and
               Simon Razniewski and
               Paramita Mirza and
               Gerhard Weikum},
  title     = {Completeness-Aware Rule Learning from Knowledge Graphs},
  booktitle = {ISWC},
  year      = {2017}
}

@inproceedings{measureskg,
  author    = {Kaja Zupanc and Jesse Davis},
  title     = {Estimating Rule Quality for Knowledge
Base Completion with the Relationship between Coverage Assumption},
  booktitle = {The Web Conference 2018},
  year      = {2018}
}


@inproceedings{d2016ontology,
  title={Ontology enrichment by discovering multi-relational association rules from ontological knowledge bases},
  author={d'Amato, Claudia and Staab, Steffen and Tettamanzi, Andrea GB and Minh, Tran Duc and Gandon, Fabien},
  booktitle={SAC},
  pages={333--338},
  year={2016}
}


@article{DBLP:journals/tplp/Lisi10,
  author    = {Francesca A. Lisi},
  title     = {{Inductive Logic Programming in Databases: From Datalog to DL+log}},
  journal   = {{TPLP}},
  volume    = {10},
  number    = {3},
  pages     = {331--359},
  year      = {2010}
}

@article{DBLP:journals/jair/EvansG18,
  author    = {Richard Evans and
               Edward Grefenstette},
  title     = {Learning Explanatory Rules from Noisy Data},
  journal   = {J. Artif. Intell. Res.},
  volume    = {61},
  pages     = {1--64},
  year      = {2018}
}

@article{rdf2rules,
  author    = {Zhichun Wang and
               Juan{-}Zi Li},
  title     = {RDF2Rules: Learning Rules from {RDF} Knowledge Bases by Mining Frequent
               Predicate Cycles},
  journal   = {CoRR},
  volume    = {abs/1512.07734},
  year      = {2015},
}
